@misc{vorlagen,
	title = {Vorlagen f√ºr {Abschlussarbeiten} - {HTW} {Berlin}},
	url = {http://www.htw-berlin.de/hochschulstruktur/zentrale-referate/presse-und-oeffentlichkeitsarbeit/abschlussarbeiten-vorlagen/},
	urldate = {2015-05-07},
	note = {\url{http://www.htw-berlin.de/hochschulstruktur/zentrale-referate/presse-und-oeffentlichkeitsarbeit/abschlussarbeiten-vorlagen/}, Zugriff: 07.05.2015}
}

%%% fundamentals, methodology & model sources 
@misc{Neo4J:online,
author = {Neo4J},
title = {What is a Graph Database? - Developer Guides},
howpublished = {\url{https://neo4j.com/developer/graph-database/}},
month = {},
year = {},
note = {(Accessed on 12/23/2022)}
}

@misc{Fusionin7:online,
author = {Ankit Thakkar, Kinjal Chaudhari},
title = {Fusion in stock market prediction: A decade survey on the necessity, recent developments, and potential future directions - PMC},
howpublished = {\url{https://www.ncbi.nlm.nih.gov/pmc/articles/PMC7448965/#b3}},
month = {},
year = {},
note = {(Accessed on 12/24/2022)}
}

@misc{Optimal-1906031125:online,
author = {Paul Burkhardt},
title = {[1906.03113] Optimal algebraic Breadth-First Search for sparse graphs},
howpublished = {\url{https://arxiv.org/abs/1906.03113}},
month = {},
year = {},
note = {(Accessed on 12/24/2022)}
}

@misc{Arxiv-1-Represent-2211161017:online,
author = {Sara Salamat, Nima Tavassoli and others},
title = {[2211.16103] Text Representation Enrichment Utilizing Graph based Approaches: Stock Market Technical Analysis Case Study},
howpublished = {\url{https://arxiv.org/abs/2211.16103}},
month = {},
year = {},
note = {(Accessed on 12/23/2022)}
}

@misc{Arxiv-2-Enter-2108028697:online,
author = {Shagufta Henna, Shyam Krishnan Kalliadan},
title = {[2108.02867] Enterprise Analytics using Graph Database and Graph-based Deep Learning},
howpublished = {\url{https://arxiv.org/abs/2108.02867}},
month = {},
year = {},
note = {(Accessed on 12/23/2022)}
}


@misc{Anovelen10:online,
author = {Yang Li, Yi Pan},
title = {A novel ensemble deep learning model for stock prediction based on stock prices and news | SpringerLink},
howpublished = {\url{https://link.springer.com/article/10.1007/s41060-021-00279-9}},
month = {},
year = {},
note = {(Accessed on 12/23/2022)}
}

@misc{Arxiv-4-Trend-Prediction-1903054480:online,
author = {Andrius Mudinas, Dell Zhang, Mark Levene},
title = {[1903.05440] Market Trend Prediction using Sentiment Analysis: Lessons Learned and Paths Forward},
howpublished = {\url{https://arxiv.org/abs/1903.05440}},
month = {},
year = {},
note = {(Accessed on 12/23/2022)}
}


%%%% Interpretation sources

@misc{globex:online,
author = {Globexmarkets},
title = {What is a Stock Market Sector \& Why Do They Matter | GlobEx Markets},
howpublished = {\url{https://www.globexmarkets.com/investment-sectors.html}},
month = {},
year = {},
note = {(Accessed on 12/24/2022)}
}

@misc{MediaCov52:online,
author = {Lily H. Fang},
title = {Media Coverage and the Cross-Section of Stock Returns by Lily H. Fang, Joel Peress :: SSRN},
howpublished = {\url{https://papers.ssrn.com/sol3/papers.cfm?abstract_id=971202}},
month = {},
year = {2007},
note = {(Accessed on 12/24/2022)}
}

@article{kalyani2016stock,
  title={Stock trend prediction using news sentiment analysis},
  author={Kalyani, Joshi and Bharathi, Prof and Jyothi, Prof and others},
  journal={arXiv preprint arXiv:1607.01958},
  year={2016}
}

@misc{1812041948:online,
author = {Dev Shah, Haruna Isah, Farhana Zulkernine},
title = {[1812.04199] Predicting the Effects of News Sentiments on the Stock Market},
howpublished = {\url{https://arxiv.org/abs/1812.04199}},
month = {},
year = {},
note = {(Accessed on 12/24/2022)}
}

@misc{2107087294:online,
author = {Qinkai Chen},
title = {[2107.08721] Stock Movement Prediction with Financial News using Contextualized Embedding from BERT},
howpublished = {\url{https://arxiv.org/abs/2107.08721}},
month = {},
year = {},
note = {(Accessed on 12/24/2022)}
}
